timestamp,price,volume
1762716462356,0.01966,129191492.0
1762716547663,0.01964,129180165.0
1762716702638,0.01966,129159243.0
1762716724951,0.01966,129184056.0
1762716778586,0.01969,128941725.0
1762716831442,0.0197,128517428.0
1762716936506,0.01971,128583411.0
1762716960293,0.01972,128307321.0
1762717007146,0.01973,128340493.0
1762717026398,0.01972,128417462.0
1762717063412,0.01973,128363155.0
1762717080436,0.01973,128363155.0
1762717209496,0.01975,128345504.0
1762717238253,0.01975,128409890.0
1762717260643,0.01974,128411633.0
1762717282379,0.01973,128429397.0
1762717452478,0.0197,128980218.0
1762717647870,0.01966,128734626.0
1762717668954,0.01966,128693685.0
1762717687869,0.01966,128678476.0
1762717740272,0.01968,128618933.0
1762717800265,0.01967,128623416.0
1762717890729,0.0197,128609510.0
1762717924699,0.0197,128614732.0
1762718173579,0.01978,129305673.0
1762718280333,0.01977,129312609.0
1762718340193,0.01975,129368316.0
1762718400302,0.01975,129355878.0
1762718713121,0.01976,129400510.0
1762718760337,0.01977,129413068.0
1762718820280,0.0197,129624789.0
1762718991577,0.01968,129647885.0
1762719000254,0.01968,129653085.0
1762719350401,0.01966,129702368.0
1762719360443,0.01966,129702368.0
1762719420365,0.01967,129630686.0
1762719480444,0.01971,129720008.0
1762719694414,0.01969,129657811.0
1762719720298,0.01968,129702376.0
1762719780473,0.01968,129703493.0
1762719840370,0.01968,129698385.0
1762719900360,0.01968,129698385.0
1762720121275,0.01964,130360487.0
1762720140381,0.01964,130360487.0
1762720200342,0.01963,130366092.0
1762720260444,0.01959,130414018.0
1762720320346,0.01959,130423012.0
1762720380373,0.0196,130483955.0
1762720440441,0.01961,130308614.0
1762721338992,0.01964,130925522.0
1762721400364,0.0196,130943401.0
1762721460432,0.01961,130993991.0
1762721520363,0.01961,130995097.0
1762721580435,0.0196,130966320.0
1762721685196,0.01959,130846132.0
1762721700366,0.01959,130846132.0
1762721761630,0.0196,130686536.0
1762721820382,0.0196,130669929.0
1762721880427,0.0196,130663061.0
1762721940371,0.0196,130601561.0
1762722000452,0.01959,130619312.0
1762722060437,0.01952,131295089.0
1762722120289,0.01954,131308481.0
1762722180438,0.01952,131359332.0
1762722240381,0.01953,131358981.0
1762722300361,0.01953,131345363.0
1762722360366,0.01953,131340602.0
1762722420387,0.01953,131338349.0
1762722480415,0.01949,131379711.0
1762722540451,0.01949,131360234.0
1762722600299,0.01948,131033146.0
1762722660380,0.01949,130998609.0
1762722720291,0.01947,131562667.0
1762722780471,0.01947,131621206.0
1762722840443,0.01946,131620325.0
1762722900380,0.01947,131930386.0
1762722960367,0.01945,132174804.0
1762723020289,0.01947,132102263.0
1762723080395,0.01947,132167471.0
1762723140493,0.01949,132159674.0
1762723200385,0.01949,132151059.0
1762723260358,0.01946,132175476.0
1762723320312,0.01949,132224405.0
1762723440420,0.01948,132198100.0
1762723500364,0.01948,132189059.0
1762723560457,0.01947,132186543.0
1762723620375,0.01947,132191577.0
1762723680470,0.01948,132010459.0
1762723740374,0.01948,131992661.0
1762723800364,0.01948,131990672.0
1762723860348,0.01948,131885007.0
1762723920304,0.0195,131863494.0
1762723980439,0.0195,131861099.0
1762724040416,0.01951,131862898.0
1762724100362,0.01953,131870729.0
1762724160364,0.01953,131865371.0
1762724220413,0.01954,131794717.0
1762724280470,0.01954,131791320.0
1762724340359,0.01954,131823122.0
1762724400391,0.01951,131883540.0
1762724460497,0.01954,131885826.0
1762724520342,0.01954,131884515.0
1762724580376,0.01956,131928328.0
1762724640377,0.01956,131920835.0
1762724700425,0.01956,131380973.0
1762724760430,0.0196,131111102.0
1762724820441,0.01958,131182305.0
1762724880371,0.0196,131203479.0
1762724940376,0.01957,131393487.0
1762725000442,0.01955,131490981.0
1762725060375,0.01955,130863839.0
1762725120289,0.0195,130532840.0
1762725180301,0.0195,130394441.0
1762725240415,0.0195,130381037.0
1762725300361,0.01947,130366686.0
1762725360430,0.01949,129730370.0
1762725420294,0.01947,129675974.0
1762725480441,0.01951,129437313.0
1762725540424,0.01951,129377418.0
1762725600381,0.01952,129373894.0
1762725660442,0.01956,129386834.0
1762725720296,0.01955,129380718.0
1762725780440,0.01958,129448736.0
1762725840429,0.01955,129553200.0
1762725900457,0.01953,129548051.0
1762725960391,0.01953,129534181.0
1762726020433,0.01953,129520604.0
1762726080438,0.01952,129508315.0
1762726140441,0.01953,129560563.0
1762726200430,0.01952,129564656.0
1762726260442,0.01953,129206556.0
1762726320299,0.01954,128994267.0
1762726380417,0.01953,128864685.0
1762726440445,0.01954,128803467.0
1762726500449,0.01955,128726677.0
1762726560364,0.01958,128700564.0
1762726620382,0.01956,128700256.0
1762726680298,0.01963,129625032.0
1762726740467,0.01964,129657564.0
1762726800383,0.01958,129650860.0
1762726860377,0.01958,129693099.0
1762726920372,0.01958,129654116.0
1762726980432,0.01956,129560145.0
1762727040369,0.01956,129325782.0
1762727100436,0.01954,129336378.0
1762727160288,0.01949,129690435.0
1762727220454,0.01949,129586711.0
1762727280437,0.01949,129586711.0
1762727340391,0.01949,129581428.0
1762727400372,0.01945,129616103.0
1762727460442,0.01945,129616103.0
1762727520292,0.01945,129696746.0
1762727580435,0.01944,129639835.0
1762727640406,0.01944,129639835.0
1762727700352,0.01944,129639835.0
1762727760419,0.01944,129640252.0
1762727820362,0.01944,129662510.0
1762727880383,0.0194,129692894.0
1762727940392,0.01942,129678615.0
1762728000375,0.01944,129687141.0
1762728060348,0.01944,129670062.0
1762728120292,0.01944,129670062.0
1762728180380,0.01944,129650824.0
1762728240377,0.01944,129645566.0
1762728300451,0.01945,129623757.0
1762728360370,0.01944,129620943.0
1762728420436,0.01945,129613320.0
1762728480439,0.01945,129331625.0
1762728540356,0.01949,129370995.0
1762740237505,0.0197,132684946.0
1762740240462,0.0197,132684946.0
1762740300382,0.01969,132684127.0
1762740360372,0.01969,132682871.0
1762740420309,0.0197,132676185.0
1762740480486,0.01969,132677862.0
1762740540512,0.01975,132672064.0
1762740600444,0.01974,132676556.0
1762740660411,0.01976,132673068.0
1762740720313,0.01975,132697508.0
1762740780423,0.01975,132745338.0
1762740840482,0.01976,132782057.0
1762740900441,0.01976,132782190.0
1762740960291,0.01977,132797815.0
1762741020307,0.01978,132776986.0
1762741080299,0.01976,132784579.0
1762741140344,0.01976,132782862.0
1762741200321,0.01976,132779310.0
1762741260303,0.01978,132781556.0
1762741320333,0.01978,132781867.0
1762741380305,0.01982,133100684.0
1762741440294,0.01984,133149073.0
1762741500308,0.01985,133136039.0
1762741560298,0.01984,133174165.0
1762741620296,0.01979,133327661.0
1762741680314,0.01981,133389718.0
1762741740380,0.01981,133392560.0
1762741800396,0.01977,133377203.0
1762741860369,0.01978,132713004.0
1762741920294,0.01978,132624031.0
1762741980359,0.01981,132392992.0
1762742040453,0.0198,131653180.0
1762742100408,0.01978,131617011.0
1762742160499,0.01976,131617656.0
1762742220298,0.01979,131502547.0
1762742280302,0.01979,131427788.0
1762742340484,0.01979,131391894.0
1762742400415,0.01979,131261614.0
1762742460356,0.01979,131233033.0
1762742520308,0.01978,130350849.0
1762742580436,0.01975,129901480.0
1762742640376,0.0197,129870438.0
1762742700452,0.0197,129783209.0
1762742760454,0.01971,129691033.0
1762742820569,0.01974,129672122.0
1762742880307,0.01975,129694360.0
1762742940453,0.01978,129691144.0
1762743000326,0.01976,129675502.0
1762743060494,0.01979,129671955.0
1762743120311,0.01981,129639340.0
1762743180399,0.01983,129575376.0
1762743240461,0.01977,129523081.0
1762743300378,0.01975,129620523.0
1762743360397,0.01975,129579942.0
1762743420310,0.01979,129637274.0
1762743480380,0.01979,129538542.0
1762743540372,0.01983,129479445.0
1762743600759,0.01986,129533350.0
1762743660406,0.01986,129489259.0
1762743720357,0.01984,129488138.0
1762743780487,0.01986,129450919.0
1762743840464,0.01988,129426880.0
1762743900472,0.0199,129416999.0
1762743960373,0.01987,129417524.0
1762744020367,0.01983,129421427.0
1762744080301,0.01985,129447205.0
1762744140305,0.01986,129429917.0
1762744200406,0.01985,129443350.0
1762744260423,0.01985,129312174.0
1762744320368,0.01984,129336184.0
1762744380303,0.01981,129326165.0
1762744440430,0.01982,129314858.0
1762744500410,0.01982,129312674.0
1762744560381,0.0198,129243465.0
1762744620380,0.01983,129159316.0
1762744680321,0.01985,129165262.0
1762744740438,0.01985,129183043.0
1762744800457,0.01982,129278687.0
1762744860465,0.01984,129276964.0
1762744920287,0.01986,129281684.0
1762744980389,0.01985,129279786.0
1762745040408,0.01982,129198175.0
1762745100376,0.01982,129082083.0
1762745160479,0.01982,129071090.0
1762745220294,0.01985,128982560.0
1762745280475,0.01985,128924946.0
1762745340304,0.01985,128913524.0
1762745400385,0.01986,128907303.0
1762745460295,0.01985,128916102.0
1762745520286,0.01985,129140115.0
1762745580288,0.01981,129135457.0
1762745640451,0.01981,129126087.0
1762745700450,0.01981,129134414.0
1762745760295,0.01981,129238320.0
1762745820302,0.01984,129226148.0
1762745880445,0.0198,129237064.0
1762745940460,0.0198,129206171.0
1762746000343,0.01982,129202718.0
1762746060424,0.01981,129238156.0
1762746120331,0.01981,129232329.0
1762746180433,0.01981,129201105.0
1762746240389,0.01981,129197236.0
1762746300403,0.01981,129186467.0
1762746360328,0.01981,129692628.0
1762746420379,0.0198,129583063.0
1762746480481,0.01979,129387285.0
1762746540377,0.01978,129376401.0
1762746600540,0.01981,129479119.0
1762746660372,0.01982,129825026.0
1762746720313,0.01977,129819958.0
1762746780427,0.01977,129939847.0
1762746840458,0.01969,130733958.0
1762746900402,0.01969,130840508.0
1762746960458,0.01976,130840193.0
1762747020381,0.01977,130867832.0
1762747080383,0.01979,130879723.0
1762747140448,0.01979,130874235.0
1762747200607,0.01977,130875955.0
1762747260411,0.01978,130889802.0
1762747320298,0.01977,130884018.0
1762747380291,0.01974,130955041.0
1762747440531,0.01975,130952013.0
1762747500454,0.01975,130951114.0
1762747560444,0.01975,130946978.0
1762747620311,0.01976,130947303.0
1762747680369,0.01973,131195648.0
1762747740310,0.01973,131195157.0
1762747800514,0.01975,131204187.0
1762747860399,0.01975,131202443.0
1762747920312,0.01972,131212493.0
1762747980377,0.01969,131100486.0
1762748040595,0.01968,131019400.0
1762748100492,0.01967,131166276.0
1762748160470,0.01963,131193708.0
1762748220301,0.01961,131176235.0
1762748280395,0.01962,131238645.0
1762748340402,0.01961,130817345.0
1762748400391,0.01961,130847771.0
1762748460498,0.01961,130795216.0
1762748520300,0.01955,130832159.0
1762748580389,0.01957,130861622.0
1762748640459,0.01956,130859167.0
1762748700320,0.01956,130814246.0
1762748760471,0.01957,130839825.0
1762748820292,0.01957,130835976.0
1762748880416,0.01958,130785504.0
1762748940370,0.01958,130789899.0
1762749000430,0.01958,130789899.0
1762749060370,0.01958,130828688.0
1762749120291,0.01958,130659750.0
1762749180402,0.01953,130580241.0
1762749240359,0.01955,130571000.0
1762749300426,0.01956,130579992.0
1762749360343,0.01956,130569505.0
1762749420293,0.01958,130561827.0
1762749480301,0.01959,130539344.0
1762749540367,0.01958,130531405.0
1762749600452,0.01959,130620038.0
1762749660393,0.01959,130629892.0
1762749720311,0.01954,130703690.0
1762749780441,0.0195,130953988.0
1762749840366,0.01957,131277604.0
1762749900294,0.01955,131298467.0
1762749960295,0.01955,131295524.0
1762750020296,0.01954,131303526.0
1762750080418,0.01956,131300104.0
1762750140462,0.01957,131294639.0
1762750200349,0.01961,131296679.0
1762750260310,0.0196,131385806.0
1762750320291,0.0196,131382474.0
1762750380375,0.01963,131378195.0
1762750440329,0.01961,131377702.0
1762750500395,0.0196,131752726.0
1762750560373,0.01961,131746403.0
1762750620298,0.0196,131746597.0
1762750680298,0.01959,131761927.0
1762750740294,0.01957,131880062.0
1762750800405,0.01955,131863990.0
1762750860311,0.01955,131860534.0
1762750920298,0.0196,131952321.0
1762750980292,0.01961,131846803.0
1762751040356,0.01961,131830646.0
1762751100817,0.01965,131814460.0
1762751160378,0.01962,131883864.0
1762751220306,0.01961,131938390.0
1762751280294,0.01959,131683049.0
1762751340330,0.01958,131714140.0
1762751400428,0.01958,131712086.0
1762751460386,0.01958,131708044.0
1762751520306,0.01961,132002757.0
1762751580387,0.0196,132000056.0
1762751640310,0.01962,132023347.0
1762751700417,0.01963,132023716.0
1762751760453,0.01964,132019364.0
1762751820439,0.01963,132053745.0
1762751880385,0.01964,132021945.0
1762751940296,0.01964,132131053.0
1762752000322,0.01963,132116431.0
1762752060406,0.01966,132118313.0
1762752120377,0.01966,132133477.0
1762752180394,0.01965,132127368.0
1762752240457,0.01964,132135961.0
1762758571589,0.01971,134838809.0
